@comment{kuninfo,
    Referanser blir kun synlig i bibliografien hvis de er sitert i teksten.
    
    Typer kan være feks. article, manual, book, misc.
    
    Se eksempler på:
    https://en.wikibooks.org/wiki/LaTeX/Bibliography_Management#Standard_templates
}

@MISC{lean-bygg,
    title       =   "LEAN for byggebransjen",
    organization=   "BUSINESS INNOVATION AS",
    year        =   "2016",
    url         =   "\url{http://bygg.tekna.no/wp-content/uploads/2016/10/Tekna-Bygg-271016-EJH.pdf}",
    note        =   "Visited on March 1, 2017"
}
@MISC{lean-history,
    title       =   "A BRIEF HISTORY OF LEAN",
    organization=   "Lean Enterprise Institute",
    year        =   "2017",
    url         =   "\url{https://www.lean.org/WhatsLean/History.cfm}",
    note        =   "Visited on March 12, 2017"
}
@MISC{lean_whatis,
    title       =   "What is LEAN",
    organization=   "Lean Enterprise Institute",
    year        =   "2017",
    url         =   "\url{https://www.lean.org/WhatsLean/}",
    note        =   "Visited on March 12, 2017"
}
@MISC{trimmetbyggingvirker,
    title       =   "Trimmet bygging virker",
    author      =   "Byggeindustrien",
    organization=   "Byggeindustrien - bygg.no",
    year        =   "2017",
    url         =   "\url{http://www.bygg.no/article/101041}",
    note        =   "Visited on March 10, 2017"
}
@MISC{trimmetbygging-sintef,
    author      =   "Andersen, B., Onsoeyen L. E. og Stokland O.",
    title       =   "Trimmet bygging",
    organization=   "SINTEF Teknologi og Samfunn",
    year        =   "2009",
    url         =   "\url{http://www.nsp.ntnu.no/prosjekt2009/files/pages/12/presentasjon-prosjekt-2009-ivind-stokland-trimmet-bygging-v04.pdf}",
    note        =   { Visited on March 10, 2017}
}

@MISC{Forelesning_bygg,
    author      =    "Aas, R og Hauge, K. D.",
    title       =   "Bygge- og anleggsbransjen – status og utfordringer",
    organization=   "LO/Fellesforbundet og EBA Trøndelag",
    year        =   "2017",
    url         =   "\url{https://ntnu.itslearning.com/file/download.aspx?FileID=4690598&FileVersionID=-1&ChildID=-1}",
    note        =   "Visited on March 13, 2017"
}

@booklet{komp-eit,
    title           = "Kompendium i Eksperter i Team",
    howpublished    = "Digitalt fremstilt av NTNU GRAFISK SENTER",
    year            = "2017",
}

}
@MISC{drevland,
    title       =   "Historien bak Lean Construction",
    organization=   "NTNU",
    year        =   "2016",
    url         =   "\url{http://frodedrevland.no/2016/04/11/historien-bak-lean-construction}",
    note        =   "Visited on March 12, 2017"
}

@MISC{zheng,
    author =    "Zheng, Daisy X. M. m.fl.",
    title  =    "Applying a Genetic Algorithm-Based Multiobjective Approach for Time-Cost Optimization",
    editor =    "Journal of Construction Engineering and Management",
    month  =    "March/April",
    year   =    "2004",
    url    =    "\url{http://ascelibrary.org/doi/pdf/10.1061/(ASCE)0733-9364(2004)130:2(168)}",
    note   =    "[Online; read 8-March-2017]"
}


@MISC{canvas,
    author =    "Maurya, Ash",
    title  =    "Lean Canvas",
    url    =    "\url{https://app.leanstack.com/}"
}

@MISC{dominos,
    author =    "Simister, P",
    title  =    "Domino’s Classic USP",
    year   =    "2011",
    url    =    "\url{http://www.differentiateyourbusiness.co.uk/dominos-classic-usp-or-offer-hot-fresh-pizza-in-30-minutes}"
}

@book{maurya2012running,
  title={Running lean: iterate from plan A to a plan that works},
  author={Maurya, A.},
  year={2012},
  publisher={" O'Reilly Media, Inc."}
}

@book{hubbard2014measure,
  title={How to measure anything: Finding the value of intangibles in business},
  author={Hubbard, Douglas W},
  year={2014},
  publisher={John Wiley \& Sons}
}

@MISC{advisorparadox,
    author =    "Nivi, B",
    title  =    "Everything you ever wanted to know about advisors, Part 1",
    year   =    "2008",
    url    =    "\url{http://venturehacks.com/articles/advisors}"
}

@MISC{hill,
    author =    "Brownlee PhD, J",
    title  =    "Clever Algorithms: Nature-Inspired Programming Recipies",
    year   =    "2015",
    url    =    "\url{http://www.cleveralgorithms.com/nature-inspired/stochastic/hill_climbing_search.html}"
}

@MISC{defOpti,
    author =    "Business Dictionary",
    title  =    "optimization",
    year   =    "2017",
    url    =    "\url{http://www.businessdictionary.com/definition/optimization.html}"
}

@MISC{torvalds2010git,
    title   =   {Git: Fast version control system},
    author  =   {Torvalds, Linus and Hamano, Junio},
    url     =   "\url{http://git-scm.com}",
    year    =   {2010}
}
@MISC{FagOslAk,
    author =    "Kirsti Andresen",
    title  =    "BIM-tekniker",
    year   =    "2016",
    url    ="\url{https://fagskolen.oslo.no/studietilbud/tekniske-fag/bim/}",
    note = "[Online; read 21-April-2017]"
}
@MISC{syvforutsetninger2011,
    author =    "Fellesforbundet",
    title  =    "De syv forutsetningene for god drift",
    year   =    "2011",
    url    ="\url{http://www.leanconstruction.dk/media/9097/De\%20sju\%20forutsetninger\%20for\%20god\%20drift.pdf}",
}
@MISC{planlegging2012,
    author =    "Solberg, D.",
    title  =    "Innvolvering i planleggingen",
    year   =    "2012",
    url    =    "\url{https://byggmesteren.as/2012/02/16/involvering-i-planleggingen/}",
}















\iffalse
%ALLE EKSEMPLER LIMES UNDER DENNE \iffalse, DETTE FORDI DET IKKE BLIR MED I KOMPILERINGEN (CUZ LOGIC).
@MISC{mull,
   author =       {Mull, Jeff},
   title =        {Maldives Controversy},
   editor =       {Surfing Magazine},
   month =        {September},
   year =         {2010},
   url =          {http://www.surfermag.com/features/maldives-controversy/},
   note =         {[Online; posted 13-September-2012]},
 }
 
 @article{lenz1990review,
  title     =   "A review of magnetic sensors",
  author    =   "Lenz, James E",
  journal   =   "Proceedings of the IEEE",
  volume    =   "78",
  number    =   "6",
  pages     =   "973--989",
  year      =   "1990",
  publisher =   "IEEE"
}

@manual{databladtemp,
    title       =   "LM35DZ datasheet",
    organization=   "JameCo Electronics",
    year        =   "2000",
    note        =   {
        Available online at: \url{http://www.jameco.com/Jameco/Products/ProdDS/1276463.pdf} (visited on May 9, 2016)
    }
}
%ALLE EKSEMPLER LIMES OVER \fi
\fi